<?xml version="1.0" encoding="UTF-8"?><collection xmlns="http://www.loc.gov/MARC21/slim"><record><leader>00385nam--2200121-i-4500</leader><controlfield tag="001">000026493</controlfield><controlfield tag="002">20161230</controlfield><controlfield tag="005">20161230201036</controlfield><controlfield tag="008">060222s1000------------r-----000-0-eng-d</controlfield><datafield ind1=" " ind2=" " tag="080"><subfield code="a">389</subfield></datafield><datafield ind1=" " ind2=" " tag="245"><subfield code="a">Instructiuni 74-67 pentru verificarea si etalonarea calelor plan-paralele cu lungimea nominala pina la 100 mm. ed.oficiala</subfield></datafield><datafield ind1=" " ind2=" " tag="260"><subfield code="a">Bucuresti, Dgmsi, 1968. 26p. + 2 Anexe</subfield></datafield><datafield ind1=" " ind2=" " tag="852"><subfield code="a">28807</subfield></datafield></record></collection>